@article{schaefer2005airline,
  title={Airline crew scheduling under uncertainty},
  author={Schaefer, Andrew J and Johnson, Ellis L and Kleywegt, Anton J and Nemhauser, George L},
  journal={Transportation science},
  volume={39},
  number={3},
  pages={340--348},
  year={2005},
  publisher={INFORMS}
}

@techreport{de1999stochastic,
  title={Stochastic programming for multiple-leg network revenue management},
  author={De Boer, Sanne and Freling, Richard and Piersma, Nanda},
  year={1999}
}

@article{jiang2009dynamic,
  title={Dynamic airline scheduling},
  author={Jiang, Hai and Barnhart, Cynthia},
  journal={Transportation Science},
  volume={43},
  number={3},
  pages={336--354},
  year={2009},
  publisher={INFORMS}
}

@article{badinelli2000optimal,
  title={An optimal, dynamic policy for hotel yield management},
  author={Badinelli, Ralph D},
  journal={European Journal of Operational Research},
  volume={121},
  number={3},
  pages={476--503},
  year={2000},
  publisher={Elsevier}
}

@article{kimes1989basics,
  title={The basics of yield management},
  author={Kimes, Sheryl E},
  journal={Cornell Hotel and Restaurant Administration Quarterly},
  volume={30},
  number={3},
  pages={14--19},
  year={1989},
  publisher={Sage Publications Sage CA: Thousand Oaks, CA}
}

@article{smith1992yield,
  title={Yield management at American airlines},
  author={Smith, Barry C and Leimkuhler, John F and Darrow, Ross M},
  journal={interfaces},
  volume={22},
  number={1},
  pages={8--31},
  year={1992},
  publisher={INFORMS}
}

@article{cleophas2017resilient,
  title={Resilient revenue management: a literature survey of recent theoretical advances},
  author={Cleophas, Catherine and Kadatz, Daniel and Vock, Sebastian},
  journal={Journal of Revenue and Pricing Management},
  volume={16},
  number={5},
  pages={483--498},
  year={2017},
  publisher={Springer}
}

@article{subramanian1999airline,
  title={Airline yield management with overbooking, cancellations, and no-shows},
  author={Subramanian, Janakiram and Stidham Jr, Shaler and Lautenbacher, Conrad J},
  journal={Transportation science},
  volume={33},
  number={2},
  pages={147--167},
  year={1999},
  publisher={INFORMS}
}

@book{rardin1998optimization,
  title={Optimization in operations research},
  author={Rardin, Ronald L and Rardin, Ronald L},
  volume={166},
  year={1998},
  publisher={Prentice Hall Upper Saddle River, NJ}
}

@incollection{nemirovski2006scenario,
  title={Scenario approximations of chance constraints},
  author={Nemirovski, Arkadi and Shapiro, Alexander},
  booktitle={Probabilistic and randomized methods for design under uncertainty},
  pages={3--47},
  year={2006},
  publisher={Springer}
}

@book{kall1994stochastic,
  title={Stochastic programming},
  author={Kall, Peter and Wallace, Stein W and Kall, Peter},
  year={1994},
  publisher={Springer}
}
